<?xml version="1.0" encoding="UTF-8"?><collection xmlns="http://www.loc.gov/MARC21/slim"><record><leader>00415nam--2200145-i-4500</leader><controlfield tag="001">000033968</controlfield><controlfield tag="002">20161230</controlfield><controlfield tag="005">20161230201039</controlfield><controlfield tag="008">060222s1000------------r-----000-0-eng-d</controlfield><datafield ind1=" " ind2=" " tag="080"><subfield code="a">621.375:681.583</subfield></datafield><datafield ind1=" " ind2=" " tag="100"><subfield code="a">Mennenga, Heyo</subfield></datafield><datafield ind1=" " ind2=" " tag="245"><subfield code="a">Schaltungstechnik mit operationsverstarkern. 2., durchgesehene auflage</subfield></datafield><datafield ind1=" " ind2=" " tag="260"><subfield code="a">Berlin, Veb Verlag Technik, 1979. 156p</subfield></datafield><datafield ind1=" " ind2=" " tag="490"><subfield code="a">Informationselektronik</subfield></datafield><datafield ind1=" " ind2=" " tag="852"><subfield code="a">70290</subfield></datafield></record></collection>